@book{Luke2013Metaheuristics,
  author = {Sean Luke},
  title = {Essentials of Metaheuristics},
  edition = {second},
  year = {2013},
  publisher = {Lulu},
  note = {Available for free at http://cs.gmu.edu/$ sim$sean/book/metaheuristics}
}
